@online{
    code_repository,
    title  = {Code repository},
    author = {Veronesi, Michele},
    year   = {2022},
    month  = {11},
    url    = {https://github.com/LeonardoTredese/BiseNetv1}
}